@misc{article,
  title = {{Revizor Publication}},
  author = {{Oleksii Oleksenko, Christof Fetzer, Boris Köpf, Mark Silberstein}},
  howpublished = {\url{https://www.microsoft.com/en-us/research/publication/revizor-testing-black-box-cpus-against-speculation-contracts/}},
  note = {{Microsoft Research Website}},
  journal = {{Microsoft Research}},
  year = {2022}
}

@misc{contracts_paper,
  title = {{Contracts Publication}},
  author = {{Marco Guarnieri, Boris Köpf, Jan Reineke, and Pepe Vila.}},
  howpublished = {\url{https://arxiv.org/abs/2006.03841}},
  note = {{Archive X Website}},
  journal = {{Microsoft Research}},
  year = {2020}
}

@misc{misc,
  title = {{Revizor GitHub Documentation}},
  author = {{Microsoft Research}},
  howpublished = {\url{https://microsoft.github.io/sca-fuzzer/}},
  note = {{Micorosft Research Website}},
}

@misc{repo,
  title = {{Revizor GitHub Repository}},
  author = {{Microsoft Research}},
  howpublished = {\url{https://github.com/microsoft/sca-fuzzer/}},
  note = {{AMicrosoft Research Website}},
}

@misc{pilator,
  title = {{Pilator GitHub Repository}},
  author = {{Matteo Possamai}},
  howpublished = {\url{https://github.com/MatteoPossamai/pilator}},
  note = {{Github Page}},
}

@misc{benchmark,
  title = {{Benchmark GitHub Repository}},
  author = {{Matteo Possamai}},
  howpublished = {\url{https://github.com/MatteoPossamai/bir_parser_benchmark/}},
  note = {{Github Page}},
}

@misc{bir_pub, 
  title = {{ BIR publication}},
  author = {{Andreas Lindner, Roberto Guanciale, Roberto Metere}},
  howpublished = { = \url{https://www.sciencedirect.com/science/article/pii/S0167642318301667?via%3Dihub}},
  note = {{Science Direct}}
}

@misc{pyparsing, 
  title = {{PyParsing Documentation}},
  author = {{Pyparsing Community}},
  howpublished = {\url{https://pyparsing-docs.readthedocs.io/en/latest/pyparsing.html}},
  note = {{Read the Docs}}

}

@misc{jit, 
  title = {{JitterBug Documentation}},
  author = {{JitterBug}},
  howpublished = {\url{https://unsat.cs.washington.edu/projects/jitterbug/}},
  note = {{Documentation}}
}

@misc{valgrind,
  title = {{Valgrind Documentation}},
  author = {{Valgrind}},
  howpublished = {\url{https://valgrind.org}},
  note = {{Valgrind Documentation}}

}

@misc{ser, 
  title = {{Serval Documentation}},
  author = {{Serval}},
  howpublished = {\url{https://unsat.cs.washington.edu/projects/serval/}},
  note = {{Microsoft Documentation}}
}

@misc{ros, 
  title = {{Rosette Documentation}},
  author = {{Rosette}},
  howpublished = {\url{https://emina.github.io/rosette/apps.html}},
  note = {{ROS Documentation}}
}

@misc{fallout,
  title = {{Fallout: Leaking Data on Meltdown-resistant CPUs}},
  author = {{Canella, Claudio and Genkin, Daniel and Giner, Lukas and Gruss, Daniel and Lipp, Moritz and Minkin, Marina and Moghimi, Daniel and Piessens, Frank and Schwarz, Michael and Sunar, Berk and Van Bulck, Jo, and Yarom, Yuval}},
  booktitle = {Proceedings of the ACM SIGSAC Conference on Computer and Communications Security CCS},
  year = {2019},
  organization = {ACM}
}

@inproceedings{ridl,
  title = {{RIDL}: Rogue In-flight Data Load},
  booktitle = {SP},
  author = {van Schaik, Stephan and Milburn, Alyssa and Österlund, Sebastian and Frigo, Pietro and Maisuradze, Giorgi and Razavi, Kaveh and Bos, Herbert and Giuffrida, Cristiano},
  month = may,
  year = {2019},
}


@misc{meltdownattack,
  title = {{Meltdown: Reading Kernel Memory from User Space}},
  author = {{10, Moritz Lipp, Michael Schwarz, Daniel Gruss, Thomas Prescher, Werner Haas, Anders Fogh, Jann Horn, Stefan Mangard, Paul Kocher, Daniel Genkin, Yuval Yarom, Mike Hamburg}},
  howpublished = {\url{https://meltdownattack.com}},
  note = {{Intel Security Advisory}}
}

@misc{spectreattack,
  title = {{Spectre Attacks: Exploiting Speculative Execution}},
  author = {{Paul Kocher, Jann Horn, Anders Fogh, Daniel Genkin, Daniel Gruss, Werner Haas, Mike Hamburg, Moritz Lipp,Stefan Mangard, Thomas Prescher, Michael Schwarz, Yuval Yarom}},
  howpublished = {\url{https://spectreattack.com/spectre.pdf}},
  note = {{Intel Security Advisory}}
}

@inproceedings{lvi,
  title = {{LVI: Hijacking Transient Execution through Microarchitectural Load Value Injection}},
  author = {Van Bulck, Jo and Moghimi, Daniel and Schwarz, Michael and Lipp, Moritz and Minkin, Marina and Genkin, Daniel and Yuval, Yarom and Sunar, Berk and Gruss, Daniel and Piessens, Frank},
  booktitle = {41th IEEE Symposium on Security and Privacy SP},
  year = {2020},
}